@inproceedings{bor:2000,
	author = {L. A. Bortoli and A. M. Price},
	title = {Um Método para Auxiliar a Definição de Requisitos},
	year = 2000,
	pages = {1-12},
	publisher = {IDEAS 2000: Jornada Ibero Americana de Ingeneria de Requisitos Y Ambientes de Software},
	address = {Cancun-México}
}

@inproceedings{cortes:2000,
	author = {A. Durán Toro and A. Ruiz Cortés and R. Corchuelo Gil and M. Toro Bonilla},
	title = {Identificación de Patrones de Reutilización de Requisitos de Sistemas de Información},
	year = 2000,
	publisher = {WER}
}

@inproceedings{dia:2000,
	author = {J. S. Diaz and V. P. Ferragud and E. I. Pelozo},
	title = {Un Entorno de Generation de Protótipo de Interfaces de Usuário a Partir de Diagramas de Interacción},
	year = 2000,
	pages = {145-154},
	publisher = {IDEAS 2000: Jornada Ibero Americana de Ingeneria de Requisitos Y Ambientes de Software},
	address = {Cancun-México}
}

@article{diaz:1999,
	author = {I. Días and A. Metteo},
	title = {Objectory Process Stereotypes},
	journal = {JOOP},
	year = 1999,
	pages = {29-38},
	month = {June}
}

@book{fowler:1997,
	author = {M. Fowler and K. Scott},
	title = {UML Distilled: Applying the Standard Object Modeling Language},
	publisher = {Addison Wesley},
	year = 1997
}

@book{fowler:2000,
	author = {Martin Fowler},
	title = {UML distilled: a brief guide to the standard object modeling language},
	publisher = {Addison Wesley Longman},
	year = 2000,
	series = {Object Technology},
	edition = {Second},
	month = {January}
}

@article{hahn:2000,
	author = {Jungpil Hahn and Jinwoo Kim},
	title = {Why Are Some Diagrams Easier to Work With? Effects of Diagrammatic Representation on the Cognitive Integration Process of System Analysis and Design},
	journal = {ACM Transations on Computer-Human Interaction},
	year = 1999,
	volume = 6,
	number = 3,
	pages = {181-213},
	month = {September}
}

@misc{gravena:2000,
	author = {Juliana Pelandré Gravena},
	title = {Aspectos importatnes de uma metodologia para desenvolvimento de software com objetos distribuídos},
	school = {Universidade Estadual de Maringá},
	year = 2000,
	address = {Maringá-PR}
}

@misc{huzita:1995,
	author = {Elisa Hatsue Moriya Huzita},
	title = {Uma Metodologia para Auxiliar o Desenvolvimento de Aplicações para Processamento Paralelo},
	year = 1995,
	address = {São Paulo-SP},
	school = {Universidade Estadual de Maringá}
}

@book{jacobson:2001,
	author = {Ivar Jacobson and Grady Booch and James Rumbaugh},
	title = {The Unified Software Development Process},
	publisher = {Addison Wesley Longman},
	year = 1999,
	series = {Object Tecnology},
	address = {Massachusetts},
	edition = {Second},
	month = {April}
}

@article{kmail:2000,
	author = {David G. Schwartz and Dov Te'eni},
	title = {Tying Knowledge to Action with kMail},
	journal = {IEEE Intelligent Systems},
	year = 2000,
	pages = {33-39},
	month = {May/June}
}

@book{knapik:1998,
	author = {M. Knapik and J. Johnson},
	title = {Developing Intelligent Agents for Distributed System: Exploring Architecture, Technologies and Applications},
	publisher = {McGraw Hill},
	year = 1998,
	address = {EUA}
}

@article{leary:1998,
	author = {Daniel E. O'Leary},
	title = {Using AI in Knowledge Managment: Knowldege Bases and Ontologies},
	journal = {IEEE Intelligent Systems},
	year = 1998,
	volume = 13,
	number = 3,
	pages = {34-39},
	month = {may/june}
}

@article{nist:2000,
	author = {Simon Szykman and Ram D. Sriram and Christophe Bochenek and Janusz W. Racz and Jocelyn Senfaute},
	title = {Design Repositories: Engineering Design's New Knowledge Base},
	journal = {IEEE Intelligent Systems},
	year = 2000,
	pages = {48-55},
	month = {May/June}
}

@article{osiris:2000,
	author = {Auguste Rabarijaona and Rose Dieng and Olivier Corby and Rajae Ouaddari},
	title = {Building and Searching an XML-Based Corporate Memory},
	journal = {IEEE Intelligent Systems},
	year = 2000,
	pages = {56-63},
	month = {May/June}
}

@article{pfaffenseller:2000,
	author = {Moisés Pfaffenseller and Matheus Pfaffenseller and Eduardo Kroth},
	title = {Uma ferramenta de apoio ao gerenciamento de componentes},
	year = 2001
}

@inproceedings{ridao:2000,
	author = {Marcela Ridao and Jorge Doorn and Julio César Sampaio do Prado Leite},
	title = {Uso de Patrones en la Construcción de Escenarios},
	year = 2000,
	pages = {140-157},
	publisher = {WER}
}

@inproceedings{sato:1994,
	author = {Sato and Elisa Hatsue Moriya Huzita and L. N. Salvador and T. H. Hsueh},
	title = {ONIX: An Environment for the Development of Parallel Object Oriented Software},
	booktitle = {Internacional Workshop on High Performance Computing},
	year = 1994,
	pages = {167-183},
	address = {São Paulo}
}

@techreport{schelebbe:1995,
	author = {H. Schelebbe},
	title = {Distributed PROSOFT},
	institution = {University of Stuttgart},
	year = 1995,
	address = {Germany}
}

@book{sommerville:1996,
	author = {Ian Sommerville},
	title = {Software Engineering},
	publisher = {Addison Wesley},
	year = 1996,
	series = {International Computer Science},
	address = {Massachussets},
	edition = {Fifth}
}

@article{sommerville:1997,
	author = {Ian Sommerville and Pete Sawyer},
	title = {Viewpoints: principles, problems and a pratical approach to requirements engineering},
	year = 1997
}

@inproceedings{souza:1998,
	author = {C. T. Souza and M. Ábaco Oliveira},
	title = {Um Ambiente de Desenvolvimento Baseado em Objetos Distribuídos Configuráveis},
	booktitle = {XII Simpósio Brasileira de Engenharia de Software},
	year = 1998,
	pages = {205-220},
	address = {Maringá-PR},
	month = {outubro}
}

@inproceedings{spool:2000,
	author = {Guy St-Denis and Reinhard Schauer and Rudolf K. Keller},
	title = {Selecting a Model Interchange Format},
	year = 2000,
	editor = {IEEE},
	organization = {Hawai'i International Conference On System Sciences},
	month = {January}
}

@inproceedings{zanlorenci:2000,
	author = {Edna Pacheco Zanlorenci and Robert Carlisle Burnett},
	title = {REQAV: Modelo para Descrição, Qualificação, Análise e Validação de Requisitos},
	booktitle = {IDEAS2000: Jornada Ibero Americana de Ingeneria de Requisitos Y Ambientes de Software},
	year = 2000,
	pages = {61-72}
}

@article{webcadet:2000,
	author = {Nicholas H. M. Caldwell and P. John Clarkson and Paul A. Rodgers and Avon P. Huxor},
	title = {Web-Based Knowledge Managment for Distributed Design},
	journal = {IEEE Intelligent Systems},
	year = 2000,
	pages = {40-47},
	month = {May/June}
}

@article{wooldridge:1999,
	author = {M. J. Wooldridge and N. R. Jennings},
	title = {Software Engineering with Agents: Pitfalls and Pratifalls},
	journal = {IEEE Internet Computing},
	year = 1999,
	volume = 3,
	number = 3,
	pages = {20-27},
	month = {may-jun}
}

@manual{xml:1998,
	title = {Extensible Markup Language (XML) 1.0},
	author = {Jon Bosak and others},
	organization = {W3C},
	edition = {First},
	month = {February},
	year = 1998
}

@article{leite:1998,
	author = {J. Leite},
	title = {Enhacing a Requirements Baseline with Scenarios},
	journal = {Requirements Engineering Journal},
	year = 1997,
	volume = 2,
	number = 4
}

