@inproceedings{bor:2000,
	author = {L. A. Bortoli and A. M. Price},
	pages = {1-12},
	year =  2000,
	publisher = {IDEAS 2000: Jornada Ibero Americana de Ingeneria de Requisitos Y Ambientes de Software},
	address = {Cancun-México},
	title = {Um Método para Auxiliar a Definição de Requisitos}
}

@inproceedings{dia:2000,
	author = {J. S. Diaz and V. P. Ferragud and E. I. Pelozo},
	pages = {145-154},
	publisher = {IDEAS 2000: Jornada Ibero Americana de Ingeneria de Requisitos Y Ambientes de Software},
	address = {Cancun-México},
	title = {Un Entorno de Generation de Protótipo de Interfaces de Usuário a Partir de Diagramas de Interacción},
	year =  2000 
}

@article{diaz:1999,
	pages = {29-38},
	year =  1999,
	journal = {JOOP},
	author = {I. Días and A. Metteo},
	title = {Objectory Process Stereotypes},
	month = {June}
}

@book{fowler:1997,
	author = {M. Fowler and K. Scott},
	title = {UML Distilled: Applying the Standard Object Modeling Language},
	year =  1997 ,
	publisher = {Addison Wesley}
}

@book{fowler:2000,
	year =  2000,
	author = {Martin Fowler},
	edition = {Second},
	series = {Object Technology},
	title = {UML distilled: a brief guide to the standard object modeling language},
	month = {January},
	publisher = {Addison Wesley Longman}
}

@article{hahn:2000,
	journal = {ACM Transations on Computer-Human Interaction},
	year =  1999,
	author = {Jungpil Hahn and Jinwoo Kim},
	title = {Why Are Some Diagrams Easier to Work With? Effects of Diagrammatic Representation on the Cognitive Integration Process of System Analysis and Design},
	month = {September},
	volume =  6,
	number =  3,
	pages = {181-213}
}

@misc{gravena:2000,
	author = {Juliana Pelandré Gravena},
	title = {Aspectos importatnes de uma metodologia para desenvolvimento de software com objetos distribuídos},
	year = {2000},
	address = {Maringá-PR},
	school = {Universidade Estadual de Maringá},
	howpublished = {Monografia final de curso}
}

@misc{huzita:1995,
	school = {Universidade de São Paulo},
	note = {Universidade de São Paulo},
	address = {São Paulo-SP},
	title = {Uma Metodologia para Auxiliar o Desenvolvimento de Aplicações para Processamento Paralelo},
	annote = {Universidade de São Paulo},
	author = {Elisa Hatsue Moriya Huzita},
	howpublished = {Tese de doutorado},
	year = {1995 }
}

@book{jacobson:2001,
	author = {Ivar Jacobson and Grady Booch and James Rumbaugh},
	publisher = {Addison Wesley Longman},
	series = {Object Tecnology},
	title = {The Unified Software Development Process},
	year =  1999,
	month = {April},
	edition = {Second},
	address = {Massachusetts}
}

@article{kmail:2000,
	year =  2000,
	journal = {IEEE Intelligent Systems},
	title = {Tying Knowledge to Action with kMail},
	month = {May/June},
	pages = {33-39},
	author = {David G. Schwartz and Dov Te'eni}
}

@book{knapik:1998,
	author = {M. Knapik and J. Johnson},
	address = {EUA},
	title = {Developing Intelligent Agents for Distributed System: Exploring Architecture, Technologies and Applications},
	year =  1998,
	publisher = {McGraw Hill}
}

@article{leary:1998,
	year =  1998,
	author = {Daniel E. O'Leary},
	title = {Using AI in Knowledge Managment: Knowldege Bases and Ontologies},
	month = {may/june},
	volume =  13,
	number =  3,
	pages = {34-39},
	journal = {IEEE Intelligent Systems}
}

@article{nist:2000,
	title = {Design Repositories: Engineering Design's New Knowledge Base},
	month = {May/June},
	year =  2000,
	author = {Simon Szykman and Ram D. Sriram and Christophe Bochenek and Janusz W. Racz and Jocelyn Senfaute},
	pages = {48-55},
	journal = {IEEE Intelligent Systems}
}

@article{pfaffenseller:2000,
	title = {Uma ferramenta de apoio ao gerenciamento de componentes},
	author = {Moisés Pfaffenseller and Matheus Pfaffenseller and Eduardo Kroth},
	month = {Junho},
	year = {2001 },
	journal = {Workshop de Desenvolvimento Baseado em Componentes}
}

@inproceedings{ridao:2000,
	pages = {140-157},
	year = {2000},
	author = {Marcela Ridao and Jorge Doorn and Julio César Sampaio do Prado Leite},
	title = {Uso de Patrones en la Construcción de Escenarios},
	publisher = {WER}
}

@inproceedings{sato:1994,
	year =  1994,
	author = {Sato and Elisa Hatsue Moriya Huzita and L. N. Salvador and T. H. Hsueh},
	booktitle = {Internacional Workshop on High Performance Computing},
	title = {ONIX: An Environment for the Development of Parallel Object Oriented Software},
	pages = {167-183},
	address = {São Paulo}
}

@techreport{schelebbe:1995,
	author = {H. Schelebbe},
	institution = {University of Stuttgart},
	year =  1995,
	address = {Germany},
	title = {Distributed PROSOFT}
}

@book{sommerville:1996,
	edition = {Fifth},
	year =  1996,
	publisher = {Addison Wesley},
	author = {Ian Sommerville},
	address = {Massachussets},
	series = {International Computer Science},
	title = {Software Engineering}
}

@article{sommerville:1997,
	title = {Viewpoints: principles, problems and a pratical approach to requirements engineering},
	year =  1997 ,
	author = {Ian Sommerville and Pete Sawyer}
}

@inproceedings{souza:1998,
	author = {C. T. Souza and M. Ábaco Oliveira},
	address = {Maringá-PR},
	year =  1998,
	title = {Um Ambiente de Desenvolvimento Baseado em Objetos Distribuídos Configuráveis},
	month = {outubro},
	booktitle = {XII Simpósio Brasileira de Engenharia de Software},
	pages = {205-220}
}

@inproceedings{spool:2000,
	author = {Guy St-Denis and Reinhard Schauer and Rudolf K. Keller},
	year =  2000,
	editor = {IEEE},
	title = {Selecting a Model Interchange Format},
	month = {January},
	organization = {Hawai'i International Conference On System Sciences}
}

@inproceedings{zanlorenci:2000,
	title = {REQAV: Modelo para Descrição, Qualificação, Análise e Validação de Requisitos},
	year =  2000,
	pages = {61-72},
	booktitle = {IDEAS2000: Jornada Ibero Americana de Ingeneria de Requisitos Y Ambientes de Software},
	author = {Edna Pacheco Zanlorenci and Robert Carlisle Burnett}
}

@article{webcadet:2000,
	journal = {IEEE Intelligent Systems},
	pages = {40-47},
	author = {Nicholas H. M. Caldwell and P. John Clarkson and Paul A. Rodgers and Avon P. Huxor},
	title = {Web-Based Knowledge Managment for Distributed Design},
	year =  2000,
	month = {May/June}
}

@article{wooldridge:1999,
	journal = {IEEE Internet Computing},
	author = {M. J. Wooldridge and N. R. Jennings},
	title = {Software Engineering with Agents: Pitfalls and Pratifalls},
	month = {may-jun},
	volume =  3,
	number =  3,
	pages = {20-27},
	year =  1999 
}

@manual{xml:1998,
	edition = {First},
	author = {Jon Bosak and others},
	title = {Extensible Markup Language (XML) 1.0},
	month = {February},
	organization = {W3C},
	year =  1998 
}

@article{easterbrook:1995,
	year = {1995},
	title = {Using ViewPoints for Inconsistency Management},
	author = {Steve Easterbrook and Bashar Nuseibeh},
	month = {November},
	journal = {IEE Software Engineering Journal}
}

@inproceedings{balzer:1991,
	booktitle = {13th International Conference on Software Engineering},
	year = {1991},
	title = {Tolerating Inconsistency},
	address = {Austin, Texas, USA},
	publisher = {IEEE Computer Society Press},
	pages = {158-165},
	author = {R. Balzer}
}

@inproceedings{schwanke:1988,
	title = {Living With Inconsistency in Large Systems},
	journal = {International Workshop on Software Version and Configuration Tool},
	publisher = {B. G. Teubner, Stuttgart},
	pages = {98-118},
	year = {1988},
	author = {R. W. Schwanke and G. E. Kaiser},
	address = {Grassau, Germany}
}

@inproceedings{narayanaswamy:1992,
	editor = {ACM SIGCHI & SIGOIS},
	year = {1992},
	address = {Toronto, Ontario, Canada},
	booktitle = {International Conference on Computer-Supported Cooperative Work},
	title = {Lazy Consistency: A Basis for Cooperative Software Development},
	author = {K. Narayanaswamy and N. Goldman},
	pages = {257-264}
}

@article{besnard:1995,
	year = {1995},
	author = {P. Besnard and A. Hunter},
	title = {Quasi-Classical Logic: Non-trivializable classical reasoning from inconsistency information},
	journal = {Symbolic and Quantitative Approaches to Uncertainty}
}

@article{leite:1997,
	number = {4 },
	year = {1997},
	author = {J. Leite},
	title = {Enhacing a Requirements Baseline with Scenarios},
	journal = {Requirements Engineering Journal},
	volume = {2}
}

@inproceedings{toro:2000,
	title = {Identificación de Patrones de Reutilización de Requisitos de Sistemas de Información},
	author = {A. Durán Toro and A. Ruiz Cortés and R. Corchuelo Gil and M. Toro Bonilla},
	publisher = {WER},
	year =  2000 
}

@inproceedings{mullery:1979,
	organization = {IEEE Computer Society},
	pages = {126-135},
	year = {1979},
	booktitle = {4th International Conference on Software Engineering},
	author = {G. P. Mullery},
	title = {A Method for Controlled Requirements Specifications}
}

@article{leite:1989,
	title = {Viewpoint Analysis: A Case Study},
	author = {J. C. P. Leite},
	pages = {111-119},
	volume = {14},
	number = {3},
	year = {1989},
	journal = {ACM J. Software Engineering Notes}
}

@inproceedings{finkelstein:1990,
	address = {Toulouse, France},
	booktitle = {3rd International Workshop on Software Engineering and its Applications},
	author = {A. Finkelstein and J. Kramer and J. K. Goedicke},
	organization = {IEEE Computer Society},
	title = {Viewpoints Oriented Software Specification},
	year = {1990},
	pages = {337-351}
}

@inproceedings{fickas:1991,
	title = {Goal-directed concept Acquisition in Requirements Elicitation},
	year = {1991},
	organization = {IEEE Computer Society Press},
	booktitle = {6th International Workshop on Software Specification and Design},
	address = {Como, Italy},
	pages = {14-21},
	author = {S. Fickas and A. van Lamsweerde and A. Dardenne}
}

@techreport{kotonya:1995,
	title = {Requirements Engineering With Viewpoints},
	year = {1995},
	address = {Lancaster, LA1 4YR, UK},
	author = {Gerald Kotonya and Ian Sommerville},
	institution = {Lancaster University, Computing Departament}
}

@article{damian:2000,
	month = {May-June},
	pages = {28-36},
	author = {Daniela E. Herlea Damian and Armin Eberlein and Mildred L. G. Shaw and Brian R. Gaines},
	journal = {IEEE Software},
	year = {2000},
	title = {Using Different Communication Media in Requirements Negotiation}
}

@article{osirix:2000,
	month = {May/June},
	year =  2000,
	author = {Auguste Rabarijaona and Rose Dieng and Olivier Corby and Rajae Ouaddari},
	pages = {56-63},
	journal = {IEEE Intelligent Systems},
	title = {Building and Searching an XML-Based Corporate Memory}
}

@article{schoman:1977,
	title = {Structured Analysis for Requirements Definition},
	year = {1977},
	journal = {IEEE Transactions on Software Engineering},
	pages = {6-15},
	author = {K. Schoman and D. T. Ross},
	volume = {3},
	number = {1}
}

@misc{eyanaga:1997,
	year = {1997},
	author = {Edson Yanaga},
	howpublished = {Relatório de Iniciação Científica}
}

@misc{bessani:2000,
	author = {Alysson Neves Bessani},
	year = {2000},
	howpublished = {Relatório de Iniciação Científica}
}

@book{macaulay:1996,
	year = {1996},
	author = {Linda A. Macaulay},
	title = {Requirements Engineering}
}

@misc{huzita:1999,
	title = {Uma Metodologia de Desenvolvimento Baseado em Objetos Distribuídos Inteligentes},
	howpublished = {Projeto de Pesquisa},
	year = {1999},
	author = {Elisa Hatsue Moriya Huzita}
}

